@book{kalka2014kunde,
  title={Der Kunde im Fokus},
  author={Kalka, J. and Allgayer, F.},
  isbn={9783864145995},
  url={https://books.google.de/books?id=uOhFBAAAQBAJ},
  year={2014},
  publisher={Redline Verlag}
}

@book{Pepels1995,
	AUTHOR = {Pepels, Werner},
	YEAR = {1995},
	TITLE = {Käuferverhalten und Marktforschung - eine praxisorientierte Einführung},
	EDITION = {},
	ISBN = {978-3-825-28094-9},
	PUBLISHER = {Schäffer-Poeschel},
	ADDRESS = {Stuttgart},
}

@book{homburg2009marketingmanagement,
  title={Marketingmanagement: Strategie - Instrumente - Umsetzung - Unternehmensfuehrung},
  author={Homburg, C. and Krohmer, H.},
  isbn={9783834916563},
  url={https://books.google.de/books?id=ljlBQAAACAAJ},
  year={2009},
  publisher={Gabler}
}

@book{Barth2017,
	AUTHOR = {Barth, Bertram AND Flaig, Berthold Bodo AND Schäuble, Norbert AND Tautscher, Manfred},
	YEAR = {2017},
	TITLE = {Praxis der Sinus-Milieus® - Gegenwart und Zukunft eines modernen Gesellschafts- und Zielgruppenmodells},
	EDITION = {},
	ISBN = {978-3-658-19335-5},
	PUBLISHER = {Springer-Verlag},
	ADDRESS = {Berlin Heidelberg New York},
}

@book{Petras2008,
	AUTHOR = {Petras, André AND Bazil, Vazrik},
	YEAR = {2008},
	TITLE = {Wie die Marke zur Zielgruppe kommt - Optimale Kundenansprache mit Semiometrie},
	EDITION = {},
	ISBN = {978-3-834-99599-5},
	PUBLISHER = {Springer-Verlag},
	ADDRESS = {Berlin Heidelberg New York},
}

@book{Esser2002,
	AUTHOR = {Esser, Beatrix},
	YEAR = {2002},
	TITLE = {Smart Shopping - eine theoretische und empirische Analyse des preis-leistungsorientierten Einkaufsverhaltens von Konsumenten},
	EDITION = {},
	ISBN = {978-3-899-36030-1},
	PUBLISHER = {BoD – books on Demand},
	ADDRESS = {Norderstedt},
}


@book{Freter2008,
	AUTHOR = {Freter, Hermann},
	YEAR = {2008},
	TITLE = {Markt- und Kundensegmentierung - kundenorientierte Markterfassung und -bearbeitung},
	EDITION = {},
	ISBN = {978-3-170-18319-3},
	PUBLISHER = {W. Kohlhammer Verlag},
	ADDRESS = {Stuttgart},
}

@book{broda2005marketing,
  title={Marketing-Praxis: Ziele, Strategien, Instrumentarien},
  author={Broda, S.},
  isbn={9783834900678},
  url={https://books.google.de/books?id=sEF79m5Tmr8C},
  year={2005},
  publisher={Gabler Verlag}
}

@book{Berekoven2013,
	AUTHOR = {Berekoven, Ludwig AND Eckert, Werner AND Ellenrieder, Peter},
	YEAR = {2013},
	TITLE = {Marktforschung - Methodische Grundlagen und praktische Anwendung},
	EDITION = {},
	ISBN = {978-3-322-92180-2},
	PUBLISHER = {Springer-Verlag},
	ADDRESS = {Berlin Heidelberg New York},
}

@book{Griese2011,
	AUTHOR = {Griese, Kai-Michael AND Bröring, Stefanie},
	YEAR = {2011},
	TITLE = {Marketing-Grundlagen - Eine fallstudienbasierte Einführung},
	EDITION = {},
	ISBN = {978-3-834-96622-3},
	PUBLISHER = {Springer-Verlag},
	ADDRESS = {Berlin Heidelberg New York},
}

@book{Meffert2012,
	AUTHOR = {Meffert, Heribert AND Burmann, Christoph AND Kirchgeorg, Manfred},
	YEAR = {2012},
	TITLE = {Marketing - Grundlagen marktorientierter Unternehmensführung. Konzepte - Instrumente - Praxisbeispiele},
	EDITION = {},
	ISBN = {978-3-834-96916-3},
	PUBLISHER = {Springer-Verlag},
	ADDRESS = {Berlin Heidelberg New York},
}



@online{website:wwf-deutschland,
	title = "WWF",
	author = "WWF",
	year = "2017",
	url = "https://www.wwf.de/themen-projekte/landwirtschaft/ernaehrung-konsum/das-grosse-wegschmeissen/",
	note = "17.05.2020, 13:00"
}

@online{website:sinus-institut,
	title = "Sinus Institut Whitepaper",
	author = "Sinus Markt- und Sozialforschung GmbH",
	year = "2020",
	url = "https://www.sinus-institut.de",
	note = "14.03.2020, 11:00"
}




